<?xml version="1.0" encoding="UTF-8"?><collection xmlns="http://www.loc.gov/MARC21/slim"><record><leader>00574nam--2200169-u-4500</leader><controlfield tag="001">000052004</controlfield><controlfield tag="002">20161230</controlfield><controlfield tag="005">20170105125740</controlfield><controlfield tag="008">090526s1000------------r-----000-0-eng-d</controlfield><datafield ind1=" " ind2=" " tag="040"><subfield code="a">IFIN-HH</subfield></datafield><datafield ind1="1" ind2=" " tag="100"><subfield code="a">Radu (Andrei), Oana-Georgeta</subfield></datafield><datafield ind1="1" ind2="0" tag="245"><subfield code="a">Fenomene de coexistenta la nuclee de masa medie</subfield><subfield code="b">Teza</subfield><subfield code="c">Oana-Georgeta Radu (Andrei)</subfield></datafield><datafield ind1=" " ind2=" " tag="260"><subfield code="a">Bucuresti</subfield><subfield code="b">IFIN-HH, Universitatea Bucuresti, Facultatea de Fizica</subfield><subfield code="c">2009</subfield></datafield><datafield ind1=" " ind2=" " tag="300"><subfield code="a">112 p</subfield></datafield><datafield ind1=" " ind2=" " tag="502"><subfield code="a">Coordonator Stiintific: Prof. Dr. Alexandrina Petrovici</subfield></datafield><datafield ind1=" " ind2="4" tag="650"><subfield code="a">Nuclee de masa medie</subfield></datafield><datafield ind1=" " ind2=" " tag="CAT"><subfield code="a">SYS</subfield><subfield code="c">20170105</subfield><subfield code="h">125740</subfield></datafield></record></collection>